@article{AHB5-20Jul,
	author = {Arm},
	title = {{Arm AMBA 5 AHB Protocol Specification}},
	year = {2020},
	month = {Jul},
	publisher = {Arm},
	url = {https://documentation-service.arm.com/static/5f23d3adda9f9552000f9cc2}
}